<record><leader>00000cas a22000007a 4500</leader><controlfield tag="001">29130627</controlfield><controlfield tag="008">931020d18uu1891iluwr ne      0    0eng d</controlfield><datafield ind1=" " ind2=" " tag="010"><subfield code="a">sn 93055819 </subfield></datafield><datafield ind1=" " ind2=" " tag="040"><subfield code="a">NVF</subfield><subfield code="b">eng</subfield><subfield code="c">NVF</subfield><subfield code="d">OCL</subfield><subfield code="d">OCLCQ</subfield><subfield code="d">OCLCF</subfield><subfield code="d">OCLCO</subfield></datafield><datafield ind1="1" ind2=" " tag="029"><subfield code="a">AU@</subfield><subfield code="b">000020230703</subfield></datafield><datafield ind1=" " ind2=" " tag="042"><subfield code="a">msc</subfield></datafield><datafield ind1=" " ind2=" " tag="043"><subfield code="a">n-us-il</subfield></datafield><datafield ind1="0" ind2="0" tag="245"><subfield code="a">West Side vindicator and Cook County suburban news.</subfield></datafield><datafield ind1="1" ind2="3" tag="246"><subfield code="a">Cook County suburban news</subfield></datafield><datafield ind1=" " ind2=" " tag="260"><subfield code="a">Chicago, Ill. :</subfield><subfield code="b">Wm. Halley</subfield></datafield><datafield ind1=" " ind2=" " tag="300"><subfield code="a">v.</subfield></datafield><datafield ind1=" " ind2=" " tag="310"><subfield code="a">Weekly</subfield></datafield><datafield ind1="1" ind2=" " tag="362"><subfield code="a">Ceased in Mar. 1891.</subfield></datafield><datafield ind1=" " ind2=" " tag="580"><subfield code="a">Other eds.: Austin vindicator and Cook County suburban news, &lt;1890&gt;-1891, and : Proviso vindicator and Cook County suburban news, &lt;1890&gt;-1891, and: Oak Park vindicator and Cook County suburban news, &lt;1890&gt;-1891.</subfield></datafield><datafield ind1=" " ind2=" " tag="588"><subfield code="a">Description based on: Vol. 2, no. 9 (Oct. 4, 1890).</subfield></datafield><datafield ind1=" " ind2="0" tag="651"><subfield code="a">Chicago (Ill.)</subfield><subfield code="v">Newspapers.</subfield></datafield><datafield ind1=" " ind2="7" tag="655"><subfield code="a">Newspapers.</subfield><subfield code="2">fast</subfield><subfield code="0">(OCoLC)fst01423814</subfield></datafield><datafield ind1=" " ind2="7" tag="651"><subfield code="a">Illinois</subfield><subfield code="z">Chicago.</subfield><subfield code="2">fast</subfield><subfield code="0">(OCoLC)fst01204048</subfield></datafield><datafield ind1=" " ind2=" " tag="752"><subfield code="a">United States</subfield><subfield code="b">Illinois</subfield><subfield code="c">Cook</subfield><subfield code="d">Chicago.</subfield></datafield><datafield ind1="1" ind2=" " tag="775"><subfield code="t">Austin vindicator and Cook County suburban news</subfield><subfield code="w">(DLC)sn 93055818</subfield></datafield><datafield ind1="1" ind2=" " tag="775"><subfield code="t">Proviso vindicator and Cook County suburban news</subfield><subfield code="w">(DLC)sn 93055821</subfield></datafield><datafield ind1="1" ind2=" " tag="775"><subfield code="t">Oak Park vindicator and Cook County suburban news</subfield><subfield code="w">(DLC)sn 93055823</subfield></datafield><datafield ind1="0" ind2="0" tag="785"><subfield code="t">West Side vindicator</subfield><subfield code="w">(DLC)sn 93055820</subfield></datafield></record>